
% BibTeX Entries
@inproceedings{Agarwal:1997,
 address              = {Washington, US},
 author               = {Microsoft},
 booktitle            = {Windows Phone Silverlight Development 2014},
 publisher            = {http://msdn.microsoft.com/library/windows/apps/ff402535.aspx},
 title                = {Windows Phone Silverlight Development 2014},
 year                 = {2014},
 }
@inproceedings{Agarwal:1997,
 address              = {London, UK},
 author               = {Agarwal, Pankaj K. and Guibas, Leonidas J. and Hershberger, John and Veach, Eric},
 booktitle            = {WADS '97: Proceedings of the 5th International Workshop on Algorithms and Data Structures},
 isbn                 = {3-540-63307-3},
 pages                = {31--44},
 publisher            = {Springer-Verlag},
 title                = {Maintaining the Extent of a Moving Point Set},
 year                 = {1997},
 }

@inproceedings{Agarwal:2003,
 author               = {Pankaj K. Agarwal and Mark Berg and Jie Gao and Leonidas J. Guibas and Sariel Har-peled},
 booktitle            = {In Proc. of the Canadian Conference on Computational Geometry},
 pages                = {42--45},
 title                = {Staying in the middle: Exact and approximate medians in R 1 and R 2 for moving points, manuscript},
 year                 = {2003},
 }

@article{AltGodau:1995,
 author               = {Helmut Alt and Michael Godau},
 journal              = {International Journal of Computational Geometry \& Applications},
 pages                = {75--91},
 title                = {Computing The Fr\'{e}chet Distance Between Two Polygonal Curves},
 volume               = {5},
 year                 = {1995},
 }

@article{Amenta:2000,
 author               = {N. Amenta, M. Bern, D. Eppstein and S. -H. Teng},
 journal              = {Discrete and Computational Geometry},
 number               = {3},
 pages                = {305--323},
 title                = {Regression Depth and Center Points},
 volume               = {23},
 year                 = {2000},
 }

@article{BabelTinhofer:1990,
 author               = {L. Babel and G. Tinhofer},
 journal              = {Mathematical Methods of Operations Research},
 number               = {3},
 pages                = {207--217},
 title                = {A branch and bound algorithm for the maximum clique problem},
 volume               = {34},
 year                 = {1990},
 }

@incollection{Bomze:1999,
 author               = {Immanuel M. Bomze and Marco Budinich and Panos M. Pardalos and Marcello Pelillo},
 booktitle            = {Handbook of Combinatorial Optimization},
 editor               = {Ding Zhu Du and Panos M. Pardalos},
 pages                = {1--74},
 publisher            = {Kluwer Academic Publisher},
 title                = {The Maximum Clique Problem},
 volume               = {A sup.},
 year                 = {1999},
 }

@techreport{Brillinger:2001,
 author               = {David R. Brillinger and Haiganoush K. Preisler and Alan A. Ager and John G. Kie and Brent S. Stewart},
 institution          = {University of California, Berkeley},
 title                = {Modelling Movements of Free-Ranging Animals},
 year                 = {2001},
 }

@article{Brillinger:2007,
 author               = {David R. Brillinger},
 journal              = {J. Quantitative Analysis},
 title                = {A potential function approach to the flow of play in soccer},
 year                 = {2007},
 }

@article{BronKerbosch:1973,
 address              = {New York, NY, USA},
 author               = {Bron, Coen and Kerbosch, Joep},
 issn                 = {0001-0782},
 journal              = {Commun. ACM},
 number               = {9},
 pages                = {575--577},
 publisher            = {ACM},
 title                = {Algorithm 457: finding all cliques of an undirected graph},
 volume               = {16},
 year                 = {1973},
 }

@inbook{Buchin:2008,
 author               = {Kevin Buchin and Maike Buchin and Joachim Gudmundsson and Maarten L�ffler and Jun Luo},
 booktitle            = {Algorithms and Computation},
 journal              = {Unknown Journal},
 pages                = {644--655},
 publisher            = {Springer Berlin / Heidelberg},
 series               = {Lecture Notes in Computer Science},
 title                = {Detecting Commuting Patterns by Clustering Subtrajectories},
 volume               = {Volume 5369/2008},
 year                 = {2008},
 }

@inproceedings{Buchin:2009,
 address              = {New York, NY, USA},
 author               = {Buchin, Kevin and Buchin, Maike and van Kreveld, Marc and Luo, Jun},
 booktitle            = {GIS '09: Proceedings of the 17th ACM SIGSPATIAL International Conference on Advances in Geographic Information Systems},
 isbn                 = {978-1-60558-649-6},
 pages                = {296--305},
 publisher            = {ACM},
 title                = {Finding long and similar parts of trajectories},
 year                 = {2009},
 }

@inproceedings{Buchin:2010,
 author               = {Kevin Buchin and Maike Buchin and Marc van Kreveld and Maarten L$\ddot{o}$ffler and Rodrigo I. Silveira and Carola Wenk and Lionov Wiratma},
 booktitle            = {Proc. 18th European Symposium on Algorithms},
 journal              = {Unknown Journal},
 title                = {Median Trajectories},
 year                 = {2010},
 }

@article{Calenge:2009,
 author               = {Cl�ment Calenge and St�phane Dray and Manuela Royer-Carenzi},
 issn                 = {1574-9541},
 journal              = {Ecological Informatics},
 number               = {1},
 pages                = {34 - 41},
 title                = {The concept of animals' trajectories from a data analysis perspective},
 url                  = {http://www.sciencedirect.com/science/article/B7W63-4V28T4D-1/2/f122562e04e57b400dfd8b3858f30cf5},
 volume               = {4},
 year                 = {2009},
 }

@article{DellaCroce:1994,
 author               = {Federico Della Croce and Roberto Tadei},
 issn                 = {0377-2217},
 journal              = {European Journal of Operational Research},
 number               = {3},
 pages                = {555 - 561},
 title                = {A multi-KP modeling for the maximum-clique problem},
 url                  = {http://www.sciencedirect.com/science/article/B6VCT-48NBHC3-26C/2/3b15190b5e7859e73b47990d255910a6},
 volume               = {73},
 year                 = {1994},
 }

@article{Friden:1990,
 author               = {C. Friden and A. Hertz and D. de Werra},
 issn                 = {0305-0548},
 journal              = {Computers \& Operations Research},
 number               = {5},
 pages                = {437 - 445},
 title                = {Tabaris: An exact algorithm based on tabu search for finding a maximum independent set in a graph},
 url                  = {http://www.sciencedirect.com/science/article/B6VC5-48MPG3S-3N/2/e8cb73932fd1540b8a263ddb06af764c},
 volume               = {17},
 year                 = {1990},
 }

@inproceedings{Fuentes:2001,
 author               = {Luis M. Fuentes and Sergio A. Velastin},
 booktitle            = {In Proceedings of the 2nd IEEE International workshop on PETS},
 title                = {People tracking in surveillance applications},
 year                 = {2001},
 }

@inproceedings{Gaffney:1999,
 address              = {New York, NY, USA},
 author               = {Gaffney, Scott and Smyth, Padhraic},
 booktitle            = {KDD '99: Proceedings of the fifth ACM SIGKDD international conference on Knowledge discovery and data mining},
 isbn                 = {1-58113-143-7},
 pages                = {63--72},
 publisher            = {ACM},
 title                = {Trajectory clustering with mixtures of regression models},
 year                 = {1999},
 }

@inproceedings{Garcia:2006,
 author               = {Garcia, J. and Concha, O.P. and Molina, J.M. and de Miguel, G.},
 booktitle            = {Information Fusion, 2006 9th International Conference on},
 month                = {10-13},
 pages                = {1 -8},
 title                = {Trajectory classification based on machine-learning techniques over tracking data},
 year                 = {2006},
 }

@inproceedings{Gudmundsson:2006,
 address              = {New York, NY, USA},
 author               = {Gudmundsson, Joachim and van Kreveld, Marc},
 booktitle            = {GIS '06: Proceedings of the 14th annual ACM international symposium on Advances in geographic information systems},
 isbn                 = {1-59593-529-0},
 pages                = {35--42},
 publisher            = {ACM},
 title                = {Computing longest duration flocks in trajectory data},
 year                 = {2006},
 }

@article{Gudmundsson:2007,
 address              = {Hingham, MA, USA},
 author               = {Gudmundsson, Joachim and Kreveld, Marc and Speckmann, Bettina},
 issn                 = {1384-6175},
 journal              = {Geoinformatica},
 number               = {2},
 pages                = {195--215},
 publisher            = {Kluwer Academic Publishers},
 title                = {Efficient Detection of Patterns in 2D Trajectories of Moving Points},
 volume               = {11},
 year                 = {2007},
 }

@misc{Herb:2010,
 author               = {Government of Yukon},
 month                = {March},
 title                = {Porcupine Caribou Herd Satellite Collar Project},
 url                  = {http://www.taiga.net/satellite/},
 year                 = {2010},
 }

@article{Hubert:1957,
 author               = {William E. Hubert},
 journal              = {Monthly Weather Review},
 month                = {March},
 number               = {3},
 pages                = {83--87},
 title                = {Hurricane Trajectory Forecasts from A Non-Divergent, Non-Geostrophic, Barotropic Model},
 volume               = {85},
 year                 = {1957},
 }

@inproceedings{Iwase:2002,
 author               = {Sachiko Iwase and Hideo Saito},
 booktitle            = {In Proceedings of the IAPR Workshop on Machine Vision Applications (MVA02},
 pages                = {102--105},
 title                = {Tracking soccer player using multiple views},
 year                 = {2002},
 }

@book{Kaufman:2005,
 author               = {Leonard Kaufman and Peter J. Rousseeuw},
 isbn                 = {978-0471735786},
 publisher            = {Wiley-Interscience},
 title                = {Finding Groups in Data: An Introduction to Cluster Analysis},
 year                 = {2005},
 }

@inproceedings{Kreveld:2007,
 address              = {New York, NY, USA},
 author               = {van Kreveld, Marc and Luo, Jun},
 booktitle            = {GIS '07: Proceedings of the 15th annual ACM international symposium on Advances in geographic information systems},
 isbn                 = {978-1-59593-914-2},
 pages                = {1--4},
 publisher            = {ACM},
 title                = {The definition and computation of trajectory and subtrajectory similarity},
 year                 = {2007},
 }


@article{Laube:2006,
 author               = {Patrick Laube and Ross S. Purves},
 issn                 = {0198-9715},
 journal              = {Computers, Environment and Urban Systems},
 number               = {3},
 pages                = {347 - 374},
 title                = {An approach to evaluating motion pattern detection techniques in spatio-temporal data},
 url                  = {http://www.sciencedirect.com/science/article/B6V9K-4HKMPH8-1/2/bc67d9767a8f209722511eefc652b5fc},
 volume               = {30},
 year                 = {2006},
 }

@inproceedings{Lee:2007,
 address              = {New York, NY, USA},
 author               = {Lee, Jae-Gil and Han, Jiawei and Whang, Kyu-Young},
 booktitle            = {SIGMOD '07: Proceedings of the 2007 ACM SIGMOD international conference on Management of data},
 isbn                 = {978-1-59593-686-8},
 pages                = {593--604},
 publisher            = {ACM},
 title                = {Trajectory clustering: a partition-and-group framework},
 year                 = {2007},
 }

@article{Lee:2008,
 author               = {Lee, Jae-Gil and Han, Jiawei and Li, Xiaolei and Gonzalez, Hector},
 issn                 = {2150-8097},
 journal              = {Proc. VLDB Endow.},
 number               = {1},
 pages                = {1081--1094},
 publisher            = {VLDB Endowment},
 title                = {TraClass: trajectory classification using hierarchical region-based and trajectory-based clustering},
 volume               = {1},
 year                 = {2008},
 }

@inproceedings{LeeHan:2008,
 address              = {Washington, DC, USA},
 author               = {Lee, Jae-Gil and Han, Jiawei and Li, Xiaolei},
 booktitle            = {ICDE '08: Proceedings of the 2008 IEEE 24th International Conference on Data Engineering},
 isbn                 = {978-1-4244-1836-7},
 pages                = {140--149},
 publisher            = {IEEE Computer Society},
 title                = {Trajectory Outlier Detection: A Partition-and-Detect Framework},
 year                 = {2008},
 }

@inproceedings{Lin:2005,
 address              = {New York, NY, USA},
 author               = {Lin, Bin and Su, Jianwen},
 booktitle            = {GIS '05: Proceedings of the 13th annual ACM international workshop on Geographic information systems},
 isbn                 = {1-59593-146-5},
 pages                = {21--30},
 publisher            = {ACM},
 title                = {Shapes based trajectory queries for moving objects},
 year                 = {2005},
 }

@unpublished{Lionov:2009,
 author               = {Lionov},
 journal              = {Unknown Journal},
 note                 = {Experimentation Project Report},
 school               = {Utrecht Universiteit},
 title                = {Median Trajectory},
 year                 = {2009},
 }

@article{Nams:2004,
 author               = {Vilis O. Nams},
 issn                 = {1432-1939},
 journal              = {Oecologia},
 number               = {2},
 pages                = {179--188},
 publisher            = {Springer Berlin / Heidelberg},
 title                = {Using animal movement paths to measure response to spatial scale},
 volume               = {143},
 year                 = {2004},
 }

@article{Nanni:2006,
 address              = {Hingham, MA, USA},
 author               = {Nanni, Mirco and Pedreschi, Dino},
 issn                 = {0925-9902},
 journal              = {J. Intell. Inf. Syst.},
 number               = {3},
 pages                = {267--289},
 publisher            = {Kluwer Academic Publishers},
 title                = {Time-focused clustering of trajectories of moving objects},
 volume               = {27},
 year                 = {2006},
 }

@incollection{Ng:2001,
 author               = {Raymond T.Ng},
 booktitle            = {Geographic Data Mining and Knowledge Discovery},
 editor               = {Miller, Harvey J. and Han, Jiawei},
 journal              = {Unknown Journal},
 pages                = {218--236},
 publisher            = {CRC Press},
 title                = {Detecting outliers from large datasets},
 volume               = {1},
 year                 = {2001},
 }

@article{Robson:1986,
 author               = {J. M. Robson},
 issn                 = {0196-6774},
 journal              = {Journal of Algorithms},
 number               = {3},
 pages                = {425 - 440},
 title                = {Algorithms for maximum independent sets},
 url                  = {http://www.sciencedirect.com/science/article/B6WH3-4D7JNPT-9K/2/a9bcf3ed536de0b78f2ba8c5a2f322b3},
 volume               = {7},
 year                 = {1986},
 }

@article{TarjanTrojanowski:1977,
 author               = {Robert Endre Tarjan and Anthony E. Trojanowski},
 journal              = {SIAM Journal on Computing},
 pages                = {537--546},
 title                = {Finding a Maximum Independent Set},
 volume               = {6},
 year                 = {1977},
 }

@inproceedings{Vlachos:2002,
 address              = {Washington, DC, USA},
 author               = {Vlachos, Michail and Gunopoulos, Dimitrios and Kollios, George},
 booktitle            = {ICDE '02: Proceedings of the 18th International Conference on Data Engineering},
 pages                = {673},
 publisher            = {IEEE Computer Society},
 title                = {Discovering Similar Multidimensional Trajectories},
 year                 = {2002},
 }

@inproceedings{VlachosGunopoulos:2002,
 address              = {Washington, DC, USA},
 author               = {Vlachos, Michail and Gunopoulos, Dimitrios and Kollios, George},
 booktitle            = {DEXA '02: Proceedings of the 13th International Workshop on Database and Expert Systems Applications},
 isbn                 = {0-7695-1668-8},
 pages                = {721--728},
 publisher            = {IEEE Computer Society},
 title                = {Robust Similarity Measures for Mobile Object Trajectories},
 year                 = {2002},
 }

@inproceedings{Yunyao:1998,
 address              = {New York, NY, USA},
 author               = {Qu, Yunyao and Wang, Changzhou and Wang, X. Sean},
 booktitle            = {CIKM '98: Proceedings of the seventh international conference on Information and knowledge management},
 isbn                 = {1-58113-061-9},
 pages                = {251--258},
 publisher            = {ACM},
 title                = {Supporting fast search in time series for movement patterns in multiple scales},
 year                 = {1998},
 }
 
 
